<?xml version="1.0" encoding="UTF-8"?><record xmlns="http://www.loc.gov/MARC21/slim" xmlns:cinclude="http://apache.org/cocoon/include/1.0" xmlns:zs="http://www.loc.gov/zing/srw/">
  <leader>00451cz  a2200133n  4500</leader>
  <controlfield tag="001">n  84007107 </controlfield>
  <controlfield tag="003">DLC</controlfield>
  <controlfield tag="005">19990316102425.4</controlfield>
  <controlfield tag="008">840409n| acannaab|          |n aaa |||  </controlfield>
  <datafield tag="010" ind1=" " ind2=" ">
    <subfield code="a">n  84007107 </subfield>
  </datafield>
  <datafield tag="040" ind1=" " ind2=" ">
    <subfield code="a">DLC</subfield>
    <subfield code="c">DLC</subfield>
    <subfield code="d">DLC</subfield>
  </datafield>
  <datafield tag="100" ind1="1" ind2="0">
    <subfield code="a">Loss, Archie K.</subfield>
    <subfield code="q">(Archie Krug)</subfield>
  </datafield>
  <datafield tag="670" ind1=" " ind2=" ">
    <subfield code="a">His Joyce's visible art, c1984:</subfield>
    <subfield code="b">CIP t.p. (Archie K. Loss) copr. (Archie Krug Loss)</subfield>
  </datafield>
  <datafield tag="670" ind1=" " ind2=" ">
    <subfield code="a">Pop dreams, c1999:</subfield>
    <subfield code="b">t.p. (Archie K. Loss, Penn State Erie, the Behrend College)</subfield>
  </datafield>
</record>